@article{AVCwhatjusthappened,
	title={{What Just Happened?}},
	author={F. Wilson},
	journal={AVC},
	entrysubtype = {magazine},
	year = {31 December 2014},
	url = {http://avc.com/2014/12/what-just-happened/},
	urldate = {27 October 2015}
	}
@article{BIchatapps,
	title={{Messaging Apps Are Overtaking Social Networks to Become the Dominant Platforms on Phones}},
	author={M. Ballve},
	journal={Business Insider},
	entrysubtype = {magazine},
	year = {10 April 2015},
	url = {http://www.businessinsider.com/messaging-apps-have-completely-overtaken-social-networks-to-become-the-dominant-platforms-on-phones-2015-4},
	urldate = {27 October 2015}
	}
@article{Meeker2015,
	title={{Internet Trends 2015---Code Conference}},
	author={M. Meeker},
	organization={Kleiner Perkins Caufield Byers},
	entrysubtype = {magazine},
	year = {27 May 2015},
	url = {http://www.kpcb.com/internet-trends},
	urldate = {27 October 2015}
	}
@article{MailSMS,
	title={{OMG: Text messaging turns 19 this week É and this is the Brit we have to thank for our sore thumbs}},
	author={K. Silver},
	journal={Daily Mail},
	entrysubtype = {magazine},
	year = {7 December 2011},
	url = {http://www.dailymail.co.uk/news/article-2070892/OMG-Text-messaging-turns-19-Meet-Neil-Papworth-Brit-thank.html},
	urldate = {27 October 2015}
	}
@online{eMarketerSMS,
	title={{Are We Watching the Death of SMS?}},
	organization={eMarketer},
	year = {2 March 2015},
	url = {http://www.emarketer.com/Article/Watching-Death-of-SMS/1012124},
	urldate = {27 October 2015}
	}
@online{BenEvansWhatsApp,
	title={{WhatsApp Sails Past SMS, but Where Does Messaging Go Next?}},
	author={B. Evans},
	organization={ben-evans.com},
	entrysubtype = {magazine},
	year = {11 January 2015},
	url = {http://ben-evans.com/benedictevans/2015/1/11/whatsapp-sails-past-sms-but-where-does-messaging-go-next},
	urldate = {27 October 2015}
	}
@online{AppAnnie,
	title={{Worldwide App Annie Index for Apps June 2015}},
	organization={App Annie},
	year = {23 July 2015},
	url = {http://blog.appannie.com/worldwide-app-annie-index-apps-june-2015/},
	urldate = {27 October 2015}
	}
@online{Line2014results,
	title={{LINE Corporation Announces 2014 Fiscal Year Results}},
	organization={LINE},
	year = {29 January 2015},
	url = {https://linecorp.com/en/pr/news/en/2015/915},
	urldate = {27 October 2015}
	}
@online{TencentResults,
	title={{Tencent Announces 2015 Second Quarter and Interim Results}},
	organization={Tencent},
	year = {12 August 2015},
	url = {http://www.tencent.com/en-us/content/ir/news/2015/attachments/20150812.pdf},
	urldate = {27 October 2015}
	}
@online{CNNCliff,
	title={{South Africa Shock Jock's \mkbibquote{Uncensored, Un-radio} Station on WeChat}},
	author={E. Macguire},
	organization={CNN},
	entrysubtype = {magazine},
	year = {5 December 2014},
	url = {http://edition.cnn.com/2014/12/05/business/wechat-cliff-central-radio-south-africa/},
	urldate = {27 October 2015}
	}
@article{ForbesKik,
	title={{Kik, the Teen Messaging Giant, to Focus an U.S. and Viral Ads}},
	author={K. Chaykowski},
	journal={Forbes},
	entrysubtype = {magazine},
	year = {6 October 2015},
	url = {http://www.forbes.com/sites/kathleenchaykowski/2015/10/06/kik-the-teen-messaging-giant-to-focus-on-u-s-and-making-ads-go-viral/},
	urldate = {27 October 2015}
	}
@article{WSJKik,
	title={{Advertising's New Frontier: Talk to the Bot}},
	author={C. Mims},
	journal={The Wall Street Journal},
	entrysubtype = {magazine},
	year = {27 July 2014},
	url = {http://www.wsj.com/articles/advertisings-new-frontier-talk-to-the-bot-1406493740},
	urldate = {27 October 2015}
	}
@online{FacebookWhatsApp,
	title={{Status Update}},
	organization={Facebook},
	year = {3 September 2015},
	url = {https://www.facebook.com/jan.koum/posts/10153580960970011},
	urldate = {27 October 2015}
	}
@article{BarotEbola,
	title={{How BBC Ebola WhatsApp Service is Battling Virus and Finding Great Stories}},
	author={T. Barot},
	journal={BBC College of Journalism},
	entrysubtype = {magazine},
	year = {5 February 2015},
	url = {http://www.bbc.co.uk/blogs/collegeofjournalism/entries/0f944ab7-9f96-4091-a927-db826630d997 },
	urldate = {27 October 2015}
	}
@online{BBCWhatsApp,
	title={{BBC Have Your Say on WhatsApp}},
	organization={BBC News},
	year = {27 February 2015},
	url = {http://www.bbc.co.uk/news/world-30821245},
	urldate = {27 October 2015}
	}
@online{WhatsAppWeb,
	author={{WhatsApp Web}},
	url = {https://web.whatsapp.com/},
	}
@online{BBCNepal,
	title={{Nepal Quake: What Happens to Those Trying to Help?}},
	author={A. Daye and R. Irvine-Brown},
	organization={BBC News},
	year = {12 May 2015},
	url = {http://www.bbc.com/news/world-asia-32711653},
	urldate = {27 October 2015}
	}
@article{FCSnapchat,
	title={{Snapchat Attempts to Move on From Its Sexting Reputation with Stories}},
	author={A. Dugdale},
	journal={Fast Company},
	entrysubtype = {magazine},
	year = {3 October 2013},
	url = {http://www.fastcompany.com/3019233/fast-feed/snapchat-attempts-to-move-on-from-its-sexting-reputation-with-stories},
	urldate = {27 October 2015}
	}
@article{NYTsnapchat,
	title={{Snapchat: A New Mobile Challenge for Storytelling}},
	author={T. Minsberg},
	journal={The New York Times},
	entrysubtype = {magazine},
	year = {18 May 2015},
	url = {http://www.nytimes.com/times-insider/2015/05/18/snapchat-a-new-mobile-challenge-for-storytelling/?_r=1},
	urldate = {27 October 2015}
	}
@online{SnapchatDiscover,
	title={{Introducing Discover}},
	organization={Snapchat},
	year = {27 January 2015},
	url = {http://blog.snapchat.com/post/109302961090/introducing-discover},
	urldate = {27 October 2015}
	}
@online{DigidaySnapchat,
	title={{Snapchat Tweak Boosts Traffic for Publishers: \mkbibquote{Our Views Have Doubled}}},
	author={L. Moses},
	organization={Digiday},
	entrysubtype = {magazine},
	year = {28 July 2015},
	url = {http://digiday.com/publishers/snapchat-design-change-boosts-traffic-publishers-views-doubled/},
	urldate = {27 October 2015}
	}
@online{RecodeBuzzfeed,
	title={{This Week on \mkbibquote{Re/code Decode}: CEO Jonah Peretti Explains How BuzzFeed Won the Internet (Updated)}},
	author={N. Kulwin},
	organization={re/code},
	entrysubtype = {magazine},
	year = {16 September 2015},
	url = {http://recode.net/2015/09/16/this-week-on-recode-decode-ceo-jonah-peretti-explains-how-buzzfeed-won-the-internet/},
	urldate = {27 October 2015}
	}
@online{DigidayCosmo,
	title={{Cosmo is Getting 3 Million Readers a Day on Snapchat Discover}},
	author={G. Sloane},
	organization={Digiday},
	entrysubtype = {magazine},
	year = {14 October 2015},
	url = {http://digiday.com/platforms/cosmo-says-getting-3-million-readers-snapchat-discover/},
	urldate = {27 October 2015}
	}
@online{KUTSnapchatElection,
	title={{The Ticket: The Snapchat Election}},
	author={B. Philpott},
	organization={KUT},
	entrysubtype = {magazine},
	year = {21 October 2015},
	url = {http://kut.org/post/ticket-snapchat-election},
	urldate = {27 October 2015}
	}
@online{TelegramChannels,
	title={{Channels: Broadcasting Done Right}},
	organization={Telegram},
	year = {22 September 2015},
	url = {https://telegram.org/blog/channels},
	urldate = {27 October 2015}
	}
@online{TelegramBots,
	title={{Bots: An Introduction for Developers}},
	organization={Telegram},
	year = {},
	url = {https://core.telegram.org/bots},
	urldate = {27 October 2015}
	}
@online{TechCrunch,
	title={{Telegram Now Seeing 12BN Daily Messages, Up From 1BN In February}},
	author={N. Lomas},
	organization={TechCrunch},
	entrysubtype = {magazine},
	year = {21 September 2015},
	url = {http://techcrunch.com/2015/09/21/telegram-now-seeing-12bn-daily-messages-up-from-1m-in-february/},
	urldate = {27 October 2015}
	}
@online{MagidStudy,
	title={{The Magid Social Media Study 2014}},
	organization={Magid},
	year = {2014},
	url = {http://www.magid.com/sites/default/files/pdf/20141230MagidSocialMediaStudy2014KeyFindings.pdf},
	urldate = {27 October 2015}
	}
@online{FacebookMessenger,
	title={{Introducing Messenger Platform and Businesses on Messenger}},
	author={L. Franklin},
	organization={Facebook},
	entrysubtype = {magazine},
	year = {25 March 2015},
	url = {https://developers.facebook.com/blog/post/2015/03/25/introducing-messenger-platform-and-businesses-on-messenger/},
	urldate = {27 October 2015}
	}
@article{BingXiaoIce,
	title={{Meet XiaoIce, Cortana's Little Sister}},
	author={S. Weitz},
	journal={},
	entrysubtype = {magazine},
	year = {5 September 2014},
	url = {https://blogs.bing.com/search/2014/09/05/meet-xiaoice-cortanas-little-sister/},
	urldate = {27 October 2015}
	}