@online{BBCNewsChatApps,
	author={{Links to blogs and stories about BBC News and instant messaging platforms}},
	organization={Anonymous},
	year = {2015},
	url = {http://bit.ly/BBCNewsChatApps},
	urldate = {27 October 2015}
	}
@online{BenEvansChatApps,
	title={{Messaging and Mobile Platforms}},
	author={B. Evans},
	organization={ben-evans.com},
	entrysubtype = {magazine},
	year = {30 March 2015},
	url = {http://ben-evans.com/benedictevans/2015/3/24/the-state-of-messaging},
	urldate = {27 October 2015}
	}
@online{MashableChatApps,
	title={{A Brief History of Instant Messaging}},
	author={M. Petronzio},
	organization={Mashable},
	entrysubtype = {magazine},
	year = {25 October 2012},
	url = {http://mashable.com/2012/10/25/instant-messaging-history/#on374oUArEqo},
	urldate = {27 October 2015}
	}
@online{MediumKik,
	title={{The Race to Become the WeChat of the West}},
	author={T. Livingston},
	organization={Medium},
	entrysubtype = {magazine},
	year = {27 November 2014},
	url = {https://medium.com/@tedlivingston/the-race-to-become-the-wechat-of-the-west-3fe52c8db946#.x763pp7fk},
	urldate = {27 October 2015}
	}
@online{TechCrunchBots,
	title={{Forget Apps, Now The Bots Take Over}},
	author={B. Sheth},
	organzation={TechCrunch},
	entrysubtype = {magazine},
	year = {29 September 2015},
	url = {http://techcrunch.com/2015/09/29/forget-apps-now-the-bots-take-over/},
	urldate = {27 October 2015}
	}
@article{NYTbots,
	title={{For Sympathetic Ear, More Chinese Turn to Smartphone Program}},
	author={J. Markoff and P. Mozur},
	journal={The New York Times},
	entrysubtype = {magazine},
	year = {31 July 2015},
	url = {http://www.nytimes.com/2015/08/04/science/for-sympathetic-ear-more-chinese-turn-to-smartphone-program.html},
	urldate = {27 October 2015}
	}
@article{FCInsideSnapchat,
	title={{Inside Snapchat CEO Evan Spiegel's Entertainment Empire}},
	author={A. Carr},
	journal={Fast Company},
	entrysubtype = {magazine},
	year = {19 October 2015},
	url = {http://www.fastcompany.com/3051612/innovation-agents/media-tech-and-advertising-to-snapchat-i-aint-afraid-of-no-ghost},
	urldate = {27 October 2015}
	}
@article{BILINE,
	title={{Japanese Messaging App LINE is Blowing Up, and These Stats Prove It}},
	author={J. Cook},
	journal={Business Insider},
	entrysubtype = {magazine},
	year = {3 March 2015},
	url = {http://www.businessinsider.com/interview-with-jeanie-han-from-line-2015-3},
	urldate = {29 October 2015}
	}
@article{EngadgetFacebook,
	title={{Facebook Tests \mkbibquote{Reactions}, a Like Button With More Emotions}},
	author={J. Trew},
	organization={Engadget},
	entrysubtype = {magazine},
	year = {8 October 2015},
	url = {http://www.engadget.com/2015/10/08/facebook-tests-reactions-a-like-button-with-more-emotions/},
	urldate = {29 October 2015}
	}
@online{BBCYikYak,
	title={{Young Canadians' Hopes for a New Era Under Trudeau}},
	organization={BBC News},
	year = {20 October 2015},
	url = {http://www.bbc.co.uk/news/world-us-canada-34578079},
	urldate = {29 October 2015}
	}
